<record><leader>00000cas a2200000 a 4500</leader><controlfield tag="001">35313657</controlfield><controlfield tag="008">960828d18uu1881miuwr ne      0    0eng c</controlfield><datafield ind1=" " ind2=" " tag="010"><subfield code="a">sn 96077019 </subfield></datafield><datafield ind1=" " ind2=" " tag="040"><subfield code="a">MHN</subfield><subfield code="b">eng</subfield><subfield code="c">MHN</subfield><subfield code="d">OCL</subfield><subfield code="d">OCLCQ</subfield><subfield code="d">OCLCF</subfield><subfield code="d">OCLCO</subfield></datafield><datafield ind1="1" ind2=" " tag="029"><subfield code="a">AU@</subfield><subfield code="b">000012845229</subfield></datafield><datafield ind1=" " ind2=" " tag="042"><subfield code="a">pcc</subfield></datafield><datafield ind1=" " ind2=" " tag="043"><subfield code="a">n-us-mi</subfield></datafield><datafield ind1="0" ind2="0" tag="245"><subfield code="a">Hart argus.</subfield></datafield><datafield ind1="3" ind2=" " tag="246"><subfield code="a">Argus</subfield></datafield><datafield ind1=" " ind2=" " tag="260"><subfield code="a">Hart, Mich. :</subfield><subfield code="b">E.S. Palmiter, ed.</subfield></datafield><datafield ind1=" " ind2=" " tag="300"><subfield code="a">v.</subfield></datafield><datafield ind1=" " ind2=" " tag="310"><subfield code="a">Weekly</subfield></datafield><datafield ind1="0" ind2=" " tag="362"><subfield code="a">-v. 7, no. 50 (Oct. 22, 1881) = whole no. 362.</subfield></datafield><datafield ind1=" " ind2=" " tag="588"><subfield code="a">Description based on: &lt;July&gt; 1878.</subfield></datafield><datafield ind1=" " ind2="0" tag="651"><subfield code="a">Hart (Mich.)</subfield><subfield code="v">Newspapers.</subfield></datafield><datafield ind1=" " ind2="0" tag="651"><subfield code="a">Oceana County (Mich.)</subfield><subfield code="v">Newspapers.</subfield></datafield><datafield ind1=" " ind2="7" tag="655"><subfield code="a">Newspapers.</subfield><subfield code="2">fast</subfield><subfield code="0">(OCoLC)fst01423814</subfield></datafield><datafield ind1=" " ind2="7" tag="651"><subfield code="a">Michigan</subfield><subfield code="z">Hart.</subfield><subfield code="2">fast</subfield><subfield code="0">(OCoLC)fst01231612</subfield></datafield><datafield ind1=" " ind2="7" tag="651"><subfield code="a">Michigan</subfield><subfield code="z">Oceana County.</subfield><subfield code="2">fast</subfield><subfield code="0">(OCoLC)fst01214750</subfield></datafield><datafield ind1=" " ind2=" " tag="752"><subfield code="a">United States</subfield><subfield code="b">Michigan</subfield><subfield code="c">Oceana</subfield><subfield code="d">Hart.</subfield></datafield><datafield ind1="0" ind2="0" tag="785"><subfield code="t">Argus (Hart, Mich.)</subfield><subfield code="w">(DLC)sn 96077020</subfield><subfield code="w">(OCoLC)35313726</subfield></datafield></record>